<?xml version="1.0" encoding="utf-8"?>
<record xmlns="http://www.loc.gov/MARC21/slim" xmlns:xsi="http://www.w3.org/2001/XMLSchema-instance" xsi:schemaLocation="http://www.loc.gov/MARC21/slim http://www.loc.gov/standards/marcxml/schema/MARC21slim.xsd">
	<leader>     nam a22        4500</leader>
	<controlfield tag="001">3063230</controlfield>
	<controlfield tag="003">NNC</controlfield>
	<controlfield tag="006">m        d        </controlfield>
	<controlfield tag="007">cr cn |||m|||a</controlfield>
	<controlfield tag="008">160426m19061913ua      o     000 0 ara d</controlfield>
	<datafield ind1=" " ind2=" " tag="040">
		<subfield code="a">NNU</subfield>
		<subfield code="b">eng</subfield>
		<subfield code="e">rda</subfield>
		<subfield code="c">NNU</subfield>
	</datafield>
	<datafield ind1=" " ind2="4" tag="050">
		<subfield code="a">K40.M40</subfield>
		<subfield code="b">S34</subfield>
	</datafield>
	<datafield ind1="1" ind2=" " tag="100">
		<subfield code="6">880-01</subfield>
		<subfield code="a">Sarakhsī, Muḥammad ibn Aḥmad,</subfield>
		<subfield code="d">active 11th century.</subfield>
	</datafield>
	<datafield ind1="1" ind2="0" tag="240">
		<subfield code="6">880-02</subfield>
		<subfield code="a">Mabsūṭ</subfield>
	</datafield>
	<datafield ind1="1" ind2="0" tag="245">
		<subfield code="6">880-03</subfield>
		<subfield code="a">Kitāb al-Mabsūṭ /</subfield>
		<subfield code="c">li-Shams al-Dīn al-Sarakhsī al-muḥtawī ʻalá kutub Ẓāhir al-riwāyah li-Muḥammad ibn al-Ḥasan al-Shaybānī ʻan Abī Ḥanīfah ; qad bāshara Muḥamad Rāḍī al-Ḥanafī taṣḥīḥ hadhā al-kitāb bi-musāʻadat jamāʻah min dhawī al-diqqah min ahl al-ʻilm.</subfield>
	</datafield>
	<datafield ind1="3" ind2="0" tag="246">
		<subfield code="a">Mabsūṭ</subfield>
	</datafield>
	<datafield ind1=" " ind2=" " tag="250">
		<subfield code="6">880-04</subfield>
		<subfield code="a">al-Ṭabʻah 1.</subfield>
	</datafield>
	<datafield ind1=" " ind2=" " tag="260">
		<subfield code="6">880-05</subfield>
		<subfield code="a">Miṣr :</subfield>
		<subfield code="b">Maṭbaʻat al-Saʻādah,</subfield>
		<subfield code="c">1324- [1331 i.e. 1906-1913]</subfield>
	</datafield>
	<datafield ind1=" " ind2=" " tag="300">
		<subfield code="a">online resource (30 volumes in 15)</subfield>
	</datafield>
	<datafield ind1=" " ind2=" " tag="336">
		<subfield code="a">text</subfield>
		<subfield code="2">rdacontent</subfield>
	</datafield>
	<datafield ind1=" " ind2=" " tag="337">
		<subfield code="a">computer</subfield>
		<subfield code="2">rdamedia</subfield>
	</datafield>
	<datafield ind1=" " ind2=" " tag="338">
		<subfield code="a">online resource</subfield>
		<subfield code="2">rdacarrier</subfield>
	</datafield>
	<datafield ind1=" " ind2=" " tag="500">
		<subfield code="a">Part of the Arabic Collections Online (ACO) project, contributed by Columbia University Libraries.</subfield>
	</datafield>
	<datafield ind1=" " ind2=" " tag="533">
		<subfield code="a">Electronic reproduction.</subfield>
		<subfield code="b">New York, N.Y. :</subfield>
		<subfield code="c">New York University,</subfield>
		<subfield code="d">2016.</subfield>
		<subfield code="5">NNU</subfield>
	</datafield>
	<datafield ind1=" " ind2="0" tag="650">
		<subfield code="a">Islamic law</subfield>
		<subfield code="v">Early works to 1800.</subfield>
	</datafield>
	<datafield ind1=" " ind2="0" tag="650">
		<subfield code="a">Hanafites</subfield>
		<subfield code="v">Early works to 1800.</subfield>
	</datafield>
	<datafield ind1=" " ind2="0" tag="650">
		<subfield code="a">Islam</subfield>
		<subfield code="x">Customs and practices</subfield>
		<subfield code="v">Early works to 1800.</subfield>
	</datafield>
	<datafield ind1="1" ind2="0" tag="600">
		<subfield code="6">880-06</subfield>
		<subfield code="a">Shaybānī, Muḥammad ibn al-Ḥasan,</subfield>
		<subfield code="d">approximately 750-804 or 805</subfield>
		<subfield code="x">Criticism and interpretation.</subfield>
	</datafield>
	<datafield ind1="1" ind2="7" tag="600">
		<subfield code="a">Shaybānī, Muḥammad ibn al-Ḥasan,</subfield>
		<subfield code="d">approximately 750-804 or 805.</subfield>
		<subfield code="2">fast</subfield>
		<subfield code="0">(OCoLC)fst01847100</subfield>
	</datafield>
	<datafield ind1=" " ind2="7" tag="650">
		<subfield code="a">Hanafites.</subfield>
		<subfield code="2">fast</subfield>
		<subfield code="0">(OCoLC)fst00950818</subfield>
	</datafield>
	<datafield ind1=" " ind2="7" tag="650">
		<subfield code="a">Islam</subfield>
		<subfield code="x">Customs and practices.</subfield>
		<subfield code="2">fast</subfield>
		<subfield code="0">(OCoLC)fst00979785</subfield>
	</datafield>
	<datafield ind1=" " ind2="7" tag="650">
		<subfield code="a">Islamic law.</subfield>
		<subfield code="2">fast</subfield>
		<subfield code="0">(OCoLC)fst00979949</subfield>
	</datafield>
	<datafield ind1=" " ind2="7" tag="655">
		<subfield code="a">Criticism, interpretation, etc.</subfield>
		<subfield code="2">fast</subfield>
		<subfield code="0">(OCoLC)fst01411635</subfield>
	</datafield>
	<datafield ind1=" " ind2="7" tag="655">
		<subfield code="a">Early works.</subfield>
		<subfield code="2">fast</subfield>
		<subfield code="0">(OCoLC)fst01411636</subfield>
	</datafield>
	<datafield ind1="1" ind2=" " tag="700">
		<subfield code="6">880-07</subfield>
		<subfield code="a">Shaybānī, Muḥammad ibn al-Ḥasan,</subfield>
		<subfield code="d">approximately 750-804 or 805.</subfield>
	</datafield>
	<datafield ind1="1" ind2=" " tag="700">
		<subfield code="6">880-08</subfield>
		<subfield code="a">Rāḍī, Muḥammad.</subfield>
	</datafield>
	<datafield ind1="2" ind2=" " tag="710">
		<subfield code="a">Columbia University.</subfield>
		<subfield code="b">Libraries.</subfield>
	</datafield>
	<datafield ind1="0" ind2=" " tag="730">
		<subfield code="a">Arabic Collections Online.</subfield>
	</datafield>
	<datafield ind1="0" ind2="8" tag="776">
		<subfield code="i">Online version:</subfield>
		<subfield code="a">Sarakhsī, Muḥammad ibn Aḥmad, 11th cent.</subfield>
		<subfield code="s">Mabsūṭ.</subfield>
		<subfield code="t">Kitāb al-Mabsūṭ.</subfield>
		<subfield code="b">al-Ṭabʻah 1.</subfield>
		<subfield code="d">Miṣr : Maṭbaʻat al-Saʻādah, 1324-[1331 i.e. 1906-1913]</subfield>
		<subfield code="w">(OCoLC)559756794</subfield>
	</datafield>
	<datafield ind1="0" ind2="8" tag="776">
		<subfield code="i">Online version:</subfield>
		<subfield code="a">Sarakhsī, Muḥammad ibn Aḥmad, 11th cent.</subfield>
		<subfield code="s">Mabsūṭ.</subfield>
		<subfield code="t">Kitāb al-Mabsūṭ.</subfield>
		<subfield code="b">al-Ṭabʻah 1.</subfield>
		<subfield code="d">Miṣr : Maṭbaʻat al-Saʻādah, 1324-[1331 i.e. 1906-1913]</subfield>
		<subfield code="w">(OCoLC)607692068</subfield>
	</datafield>
	<datafield ind1="0" ind2="8" tag="776">
		<subfield code="i">Print version:</subfield>
		<subfield code="a">Sarakhsī, Muḥammad ibn Aḥmad, active 11th century.</subfield>
		<subfield code="t">Kitāb al-Mabsūṭ</subfield>
		<subfield code="w">(NNC)3063230</subfield>
		<subfield code="w">(DLC)   73222490 </subfield>
		<subfield code="w">(OCoLC)54747484</subfield>
	</datafield>
	<datafield ind1="4" ind2="0" tag="856">
		<subfield code="u">http://hdl.handle.net/2333.1/34tmpkp4</subfield>
	</datafield>
	<datafield ind1="1" ind2=" " tag="880">
		<subfield code="6">100-01/r</subfield>
		<subfield code="a">سرخسي، محمد بن احمد،</subfield>
		<subfield code="d">active 11th century.</subfield>
	</datafield>
	<datafield ind1="1" ind2="0" tag="880">
		<subfield code="6">240-02/r</subfield>
		<subfield code="a">مبسوط</subfield>
	</datafield>
	<datafield ind1="1" ind2="0" tag="880">
		<subfield code="6">245-03/r</subfield>
		<subfield code="a">كتاب المبسوط /</subfield>
		<subfield code="c">لشمس الدين السرخسي المحتوي على كتب ظاهر الرواية لمحمد بن الحسن الشيباني عن أبي حنيفة ؛ قد باشر محمد راضي الحنفي تصحيح هذا الكتاب بمساعدة جماعة من ذوي الدقة من أهل العلم.</subfield>
	</datafield>
	<datafield ind1=" " ind2=" " tag="880">
		<subfield code="6">250-04/r</subfield>
		<subfield code="a">الطبعة ١.</subfield>
	</datafield>
	<datafield ind1=" " ind2=" " tag="880">
		<subfield code="6">260-05/r</subfield>
		<subfield code="a">مصر :</subfield>
		<subfield code="b">مطبعة السعادة،</subfield>
		<subfield code="c">١٣٢٤-١٣٣١ [١٩٠٦-١٩١٣]</subfield>
	</datafield>
	<datafield ind1="1" ind2="4" tag="880">
		<subfield code="6">600-06/r</subfield>
		<subfield code="a">شيباني، محمد بن الحسن،</subfield>
		<subfield code="d">approximately 750-804 or 805</subfield>
		<subfield code="x">Criticism and interpretation.</subfield>
	</datafield>
	<datafield ind1="1" ind2=" " tag="880">
		<subfield code="6">700-07/r</subfield>
		<subfield code="a">شيباني، محمد بن الحسن.</subfield>
	</datafield>
	<datafield ind1="1" ind2=" " tag="880">
		<subfield code="6">700-08/r</subfield>
		<subfield code="a">راضي، محمد.</subfield>
	</datafield>
	<datafield ind1=" " ind2=" " tag="959">
		<subfield code="a">NNU</subfield>
		<subfield code="b">WEB</subfield>
		<subfield code="c">GENI</subfield>
		<subfield code="t">0</subfield>
		<subfield code="m">Electronic access</subfield>
		<subfield code="s">01</subfield>
	</datafield>
	<datafield ind1=" " ind2=" " tag="999">
		<subfield code="i">NNC_3063230</subfield>
		<subfield code="o">(OCoLC)ocm54747484</subfield>
		<subfield code="s">columbia_aco001827:v.1-2</subfield>
		<subfield code="s">columbia_aco001828:v.3-4</subfield>
		<subfield code="s">columbia_aco001829:v.5-6</subfield>
		<subfield code="s">columbia_aco001830:v.7-8</subfield>
		<subfield code="s">columbia_aco001831:v.9-10</subfield>
		<subfield code="s">columbia_aco001832:v.11-12</subfield>
		<subfield code="s">columbia_aco001833:v.13-14</subfield>
		<subfield code="s">columbia_aco001834:v.15-16</subfield>
		<subfield code="s">columbia_aco001835:v.17-18</subfield>
		<subfield code="s">columbia_aco001836:v.19-20</subfield>
		<subfield code="s">columbia_aco001837:v.21-22</subfield>
		<subfield code="s">columbia_aco001838:v.23-24</subfield>
		<subfield code="s">columbia_aco001839:v.25-26</subfield>
		<subfield code="s">columbia_aco001840:v.27-28</subfield>
		<subfield code="s">columbia_aco001841:v.29-30</subfield>
		<subfield code="e">(ERROR-880)</subfield>
		<subfield code="s">columbia_aco001827:v.1-2</subfield>
		<subfield code="s">columbia_aco001828:v.3-4</subfield>
		<subfield code="s">columbia_aco001829:v.5-6</subfield>
		<subfield code="s">columbia_aco001830:v.7-8</subfield>
		<subfield code="s">columbia_aco001831:v.9-10</subfield>
		<subfield code="s">columbia_aco001832:v.11-12</subfield>
		<subfield code="s">columbia_aco001833:v.13-14</subfield>
		<subfield code="s">columbia_aco001834:v.15-16</subfield>
		<subfield code="s">columbia_aco001835:v.17-18</subfield>
		<subfield code="s">columbia_aco001836:v.19-20</subfield>
		<subfield code="s">columbia_aco001837:v.21-22</subfield>
		<subfield code="s">columbia_aco001838:v.23-24</subfield>
		<subfield code="s">columbia_aco001839:v.25-26</subfield>
		<subfield code="s">columbia_aco001840:v.27-28</subfield>
		<subfield code="s">columbia_aco001841:v.29-30</subfield>
	</datafield>
</record>
